@online{teilnehmerzahl,
  title = {{F{\"u}r junge Informatik-Talente - Bundeswettbewerb Informatik}},
  urldate = {2025-02-12},
  url = {https://bwinf.de/bundeswettbewerb/},
  langid = {ngerman},

}


@online{aufgaben,
  title = {{Aufgaben der 1. Runde des 43. Bundeswettbewerbs Informatik}},
  urldate = {2025-02-12},
  url = {https://bwinf.de/fileadmin/wettbewerbe/bundeswettbewerb/43/1_runde/Aufgaben431.pdf},
  langid = {ngerman},

}

@online{krocket_regeln,
  title = {{Krocket- und Verbandsregeln {\textbar} Deutscher Krocket Bund}},
  urldate = {2025-02-12},
  langid = {ngerman},
  url = {http://www.krocket.de/regeln/},
}

@online{beispielaufgaben,
  title = {{Beispielaufgaben der Aufgabe 4 der 1. Runde des 43. Bundeswettbewerbs Informatik}},
  urldate = {2025-02-12},
  langid = {ngerman},
  url = {https://bwinf.de/bundeswettbewerb/43/},
}


@online{anschreiben,
  title = {{Anschreiben Teilnehmer:innen der 1. Runde des 43. Bundeswettbewerbs Informatik}},
  urldate = {2025-02-13},
  url = {https://github.com/Juri-Git-Hub/Komplexe-Leistung-2025/blob/main/bwinf_anschreiben.pdf},
  langid = {ngerman},

}

@online{implementierung,
  title = {{Github Repository mit der Implementierung des Algorithmus}},
  urldate = {2025-02-13},
  url = {https://github.com/Juri-Git-Hub/Komplexe-Leistung-2025/},
  langid = {ngerman},
  author = {Jurek Engelmann}
}

@book{Cormen2009,
	location = {Cambridge, Massachusetts London, England},
	edition = {Third edition},
	title = {Introduction to algorithms},
	isbn = {978-0-262-03384-8 978-0-262-27083-0},
	pagetotal = {1},
	publisher = {{MIT} Press},
	author = {Cormen, Thomas H. and Leiserson, Charles Eric and Rivest, Ronald Linn and Stein, Clifford},
	date = {2009},
	langid = {english},
}
